@online{LHCb,
  author = {Cern},
  title = {LCHb Collaboration},
  year = 2015,
  url = {http://lhcb.web.cern.ch/lhcb/},
  urldate = {2015-11-21}
}